%%%%%%%%%%%%%
% Fake News %
%%%%%%%%%%%%%
@article{FakeNews_Def,
    title = {{The International Encyclopedia of Journalism Studies}},
    author = {Quandt, Thorsten and Frischlich, Lena and Boberg, Svenja and Schatto-Eckrodt, Tim},
    year = {2019},
    month = {Mai},
    day = {14},
    pages = {1-6},
    note = {\url{https://www.researchgate.net/publication/332749986_Fake_News} (Ultima accesare: 05.07.2021)},
}

@online{FakeNews_TrustedSites,
    title = {{The 12 Best News Sites You Can Trust for Credible Stories}},
    author = {Dan Prince},
    year = {2021},
    month = {Mai},
    day = {20},
    note = {\url{https://www.makeuseof.com/tag/trust-news-sites/} (Ultima accesare: 14.08.2021)},
}

%%%%%%%%%%%%%%%
%  Blockchain %
%%%%%%%%%%%%%%%
@article{Blockchain_Overview_NIST,
    title = {{Blockchain Technology Overview}},
    author = {D. Yaga, P. Mell, N. Roby, K. Scarfone},
    year = {2018},
    month = {Octombrie},
    pages = {5-22, 42},
    note = {\url{https://nvlpubs.nist.gov/nistpubs/ir/2018/NIST.IR.8202.pdf} (Ultima accesare: 13.07.2021)},
}

@article{Blockchain_Overview_IEEE,
    title = {{A Survey of Blockchain From the Perspectives of Applications, Challenges, and Opportunities}},
    author = {A. Monrat , O. Schelén, K. Andersson},
    year = {2019},
    month = {Septembrie},
    day = {4},
    pages = {6-8},
    note = {\url{https://ieeexplore.ieee.org/stamp/stamp.jsp?arnumber=8805074} (Ultima accesare: 21.07.2021)},
}

@article{Blockchain_Node_Types,
    title = {{Classication and importance of nodes in a blockchain network}},
    author = {Yves Longchamp, Saurabh Deshpande, Ujjwal Mehra},
    year = {2020},
    month = {August},
    day = {27},
    pages = {4-10},
    note = {\url{https://www.seba.swiss/static/8c6d3dfcbf3ce596bf82b60871ecf43e/the-bridge_20200827.pdf} (Ultima accesare: 14.07.2021)},
}

@online{Blockchain_Size1,
    title = {{Bitcoin Blockchain Grows to 300 Gigabytes in Size}},
    author = {Liam Frost},
    year = {2020},
    month = {Septembrie},
    day = {21},
    note = {\url{https://decrypt.co/42427/bitcoin-blockchain-grows-to-300-gigabytes-in-size} (Ultima accesare: 15.07.2021)},
}

@misc{Blockchain_Size2,
    title = {{Bitcoin Blockchain Size}},
    year = {2021},
    month = {Iulie},
    day = {15},
    note = {\url{https://ycharts.com/indicators/bitcoin_blockchain_size} (Ultima accesare: 15.07.2021)},
}

@misc{Bitcoin,
    title = {{Bitcoin}},
    note = {\url{https://bitcoin.org/ro/} (Ultima accesare: 29.08.2021)},
}

@misc{Bitcoin_Protocol,
    title = {{Bitcoin Protocol Documentation}},
    note = {\url{https://en.bitcoin.it/wiki/Protocol_documentation} (Ultima accesare: 18.07.2021)},
}

@misc{Ethereum,
    title = {{Ethereum}},
    note = {\url{https://ethereum.org/en/} (Ultima accesare: 29.08.2021)},
}

@misc{Ethereum_Protocol,
    title = {{Ethereum Protocol Documentation}},
    note = {\url{https://eth.wiki} (Ultima accesare: 18.07.2021)},
}

%%%%%%%%%%%%%%
% Tendermint %
%%%%%%%%%%%%%%
@misc{Tendermint,
    title = {{Tendermint}},
    note = {\url{https://tendermint.com} (Ultima accesare: 28.07.2021)},
}

@online{Tendermint_WhatIs,
    title = {{What is Tendermint}},
    note = {\url{https://docs.tendermint.com/master/introduction/what-is-tendermint.html} (Ultima accesare: 29.07.2021)},
}

%%%%%%%%%%%%%%
% BigchainDB %
%%%%%%%%%%%%%%
@article{BigchainDB_Art,
    title = {{BigchainDB 2.0 - The Blockchain Database}},
    author = {BigchainDB GmbH, Berlin, Germany},
    year = {2018},
    month = {Mai},
    day = {14},
    pages = {2-12},
    note = {\url{https://www.bigchaindb.com/whitepaper/bigchaindb-whitepaper.pdf} (Ultima accesare: 15.07.2021)},
}

@misc{BigchainDB_JSDriver,
    title = {{BigchainDB Javascript Driver Documentation}},
    year = {2021},
    note = {\url{https://docs.bigchaindb.com/projects/js-driver/en/latest/index.html} (Ultima accesare: 28.07.2021)},
}

@misc{BigchainDB_PythonDriver,
    title = {{BigchainDB Python Driver}},
    year = {2019},
    note = {\url{docs.bigchaindb.com/projects/py-driver/en/latest/index.html} (Ultima accesare: 28.07.2021)},
}

@online{BigchainDB_ReadMe,
    title = {{BigchainDB ReadMe}},
    author = {Troy McConaghy, Vanshdeep Singh, Abdiel Aviles},
    year = {2018},
    month = {Septembrie},
    day = {26},
    note = {\url{https://github.com/bigchaindb/BEPs/tree/master/13/#readme} (Ultima accesare: 28.07.2021)},
}

@misc{BigchainDB_Docs,
    title = {{BigchainDB Documentation}},
    year = {2020},
    note = {\url{https://bigchaindb.readthedocs.io/en/latest/index.html} (Ultima accesare: 28.07.2021)},
}

%%%%%%%%%%%%%
% zk-SNARKs %
%%%%%%%%%%%%%
@article{ZKS_Crypto_Basic,
    title = {{zk-SNARKs - Analysis and Implementation on Ethereum}},
    author = {A.B. Rodriguez, J.H. Joancomarti},
    year = {2020},
    month = {Iulie},
    day = {9},
    pages = {10-31},
    note = {\url{http://openaccess.uoc.edu/webapps/o2/bitstream/10609/120126/6/albertobrTFM0620memory.pdf} (Ultima accesare: 26.07.2021)},
}

@article{ZKS_Crypto_Basic2,
    title = {{zkSNARKs in a Nutshell}},
    author = {Christian Reitwiessner},
    year = {2016},
    month = {Decembrie},
    day = {5},
    pages = {1-11},
    note = {\url{https://chriseth.github.io/notes/articles/zksnarks/zksnarks.pdf} (Ultima accesare: 07.08.2021)},
}

@online{ZKS_Crypto_Basic3,
    title = {{Explaining SNARKs}},
    author = {Ariel Gabizon},
    year = {2017},
    month = {Februarie},
    day = {28},
    note = {\url{https://electriccoin.co/blog/snark-explain/} (Ultima accesare: 07.08.2021)},
}

@article{ZKS_Crypto_Basic4,
    title = {{zk-SNARK explained: Basic Principles}},
    author = {Hartwig Mayer},
    year = {2017},
    month = {Martie},
    day = {27},
    pages = {1-8},
    note = {\url{https://blog.coinfabrik.com/wp-content/uploads/2017/03/zkSNARK-explained_basic_principles.pdf} (Ultima accesare: 09.08.2021)},
}

@article{ZKS_AliBaba,
    title = {How to Explain Zero-Knowledge Protocols to Your Children},
    author = {Quisquater, Jean-Jacques and Quisquater, Myriam and Quisquater, Muriel and Quisquater, Michaël and Guillou, Louis and Guillou, Marie and Guillou, Gaïd and Guillou, Anna and Guillou, Gwenolé and Guillou, Soazig and Berson, Thomas},
    year = {1989},
    month = {August},
    pages = {628-631},
    note = {\url{https://www.researchgate.net/publication/221355016_How_to_Explain_Zero-Knowledge_Protocols_to_Your_Children} (Ultima accesare: 26.08.2021)},
}

@misc{ZKS_Wikipedia,
    title = {{Zero-knowledge proof}},
    note = {\url{https://en.wikipedia.org/wiki/Zero-knowledge_proof} (Ultima accesare: 07.08.2021)},
}

@misc{ZKS_Curve25519,
    title = {{Curve25519}},
    note = {\url{https://en.wikipedia.org/wiki/Curve25519} (Ultima accesare: 20.08.2021)},
}

%%%%%%%%%%%%%%%%%%%%%%%
% TrustNews Utilities %
%%%%%%%%%%%%%%%%%%%%%%%
@online{scraperjs,
    title = {{ScraperJS}},
    author = {Rui Gil, Callum Macdonald, Kevin Ickes, Jimmy Jea, Emil Kjelsrud, Chris Jolley, Andrew Ho},
    year = {2016},
    month = {Octombrie},
    day = {24},
    note = {\url{https://github.com/ruipgil/scraperjs#readme} (Ultima accesare: 13.08.2021)},
}

@online{zokrates,
    title = {{ZoKrates}},
    author = {Jacob Eberhardt, Stefan Tai},
    note = {\url{https://zokrates.github.io/introduction.html} (Ultima accesare: 13.08.2021)},
}

%%%%%%%%%%%%%%%%%%
% TrustNews Code %
%%%%%%%%%%%%%%%%%%
@misc{TrustNews_Main,
    title = {{TrustNews Main()}},
    note = {\url{https://github.com/PirvuDanielCatalin/TrustNews/blob/main/MainProgram.js#L95} (Ultima accesare: 21.08.2021)},
}

@misc{TrustNews_Extract,
    title = {{TrustNews Extract()}},
    note = {\url{https://github.com/PirvuDanielCatalin/TrustNews/blob/main/MainProgram.js#L20} (Ultima accesare: 21.08.2021)},
}

@misc{TrustNews_CreateNews,
    title = {{TrustNews CreateNews()}},
    note = {\url{https://github.com/PirvuDanielCatalin/TrustNews/blob/main/BigchainDBSingleNode/Create\%26Transfer.js#L11} (Ultima accesare: 21.08.2021)},
}

@misc{TrustNews_TransferNews,
    title = {{TrustNews TransferNews()}},
    note = {\url{https://github.com/PirvuDanielCatalin/TrustNews/blob/main/BigchainDBSingleNode/Create\%26Transfer.js#L61} (Ultima accesare: 21.08.2021)},
}

@misc{TrustNews_CheckTransaction,
  title = {{TrustNews CheckTransaction()}},
  note = {\url{https://github.com/PirvuDanielCatalin/TrustNews/blob/main/BigchainDBSingleNode/CheckTransaction.js#L6} (Ultima accesare: 21.08.2021)},
}

@misc{TrustNews_GenerateNodeKeys,
    title = {{TrustNews GenerateNodeKeys()}},
    note = {\url{https://github.com/PirvuDanielCatalin/TrustNews/blob/main/BigchainDBSingleNode/GenerateNodeKeys.js} (Ultima accesare: 21.08.2021)},
}

@misc{TrustNews_GenerateProof,
    title = {{TrustNews GenerateProof()}},
    note = {\url{https://github.com/PirvuDanielCatalin/TrustNews/blob/main/ZoKratesCLI/GenerateProof.js#L7} (Ultima accesare: 21.08.2021)},
}

@misc{TrustNews_VerifyProof,
    title = {{TrustNews VerifyProof()}},
    note = {\url{https://github.com/PirvuDanielCatalin/TrustNews/blob/main/ZoKratesCLI/VerifyProof.js#L7} (Ultima accesare: 21.08.2021)},
}

%%%%%%%%%%%%%%%%%%
% News Platforms %
%%%%%%%%%%%%%%%%%%
@misc{BBC,
    title = {{BBC.com}},
    note = {\url{https://www.bbc.com/news/technology} (Ultima accesare: 13.08.2021)},
}

%%%%%%%%%
% Tools %
%%%%%%%%%
@misc{WolframAlpha,
    title = {{WolframAlpha}},
    note = {\url{https://www.wolframalpha.com}},
}

@misc{Graui,
    title = {{Graui}},
    note = {\url{https://www.graui.de/code/elliptic2/}},
}

@misc{Diagrams,
    title = {{Draw.io}},
    note = {\url{https://app.diagrams.net}},
}